<?xml version="1.0" encoding="UTF-8"?><collection xmlns="http://www.loc.gov/MARC21/slim"><record><leader>00525nam--2200181-i-4500</leader><controlfield tag="001">000036134</controlfield><controlfield tag="002">20161230</controlfield><controlfield tag="005">20161230201040</controlfield><controlfield tag="008">060222s1000------------r-----000-0-eng-d</controlfield><datafield ind1=" " ind2=" " tag="040"><subfield code="a">IFIN-HH</subfield></datafield><datafield ind1=" " ind2=" " tag="080"><subfield code="a">539.26</subfield></datafield><datafield ind1="1" ind2=" " tag="100"><subfield code="a">Nilsson, Bo</subfield></datafield><datafield ind1="1" ind2="0" tag="245"><subfield code="a">Y-ray diffraction studies of complex organic molecules</subfield><subfield code="c">Bo nilsson</subfield></datafield><datafield ind1=" " ind2=" " tag="260"><subfield code="a">Stockholm</subfield><subfield code="b">Almqvist And Wiksell</subfield><subfield code="c">1968</subfield></datafield><datafield ind1=" " ind2=" " tag="300"><subfield code="a">50P</subfield></datafield><datafield ind1=" " ind2=" " tag="490"><subfield code="a">Abstracts Of Gothenburg Dissertations In Science</subfield><subfield code="v">Volume 9</subfield></datafield><datafield ind1=" " ind2=" " tag="852"><subfield code="a">76905</subfield><subfield code="c">537.531</subfield></datafield><datafield ind1=" " ind2=" " tag="CAT"><subfield code="a">Sys</subfield><subfield code="c">20110810</subfield><subfield code="h">143714</subfield></datafield></record></collection>